@Misc{oecd,
  author       = {{OECD}},
  title        = {Database on Immigrants in OECD and non-OECD Countries: DIOC},
  howpublished = {Data Repository: http://www.oecd.org/els/mig/dioc.htm},
  owner        = {Yee Sern Tan},
  url          = {http://www.oecd.org/els/mig/dioc.htm},
}

@Misc{worldbank_migr,
  author       = {{World Bank Group}},
  title        = {Global Bilateral Migration},
  howpublished = {Database: http://databank.worldbank.org/data/reports.aspx?
  \\source=global-bilateral-migration},
  owner        = {Yee Sern Tan},
  url          = {http://databank.worldbank.org/data/reports.aspx?source=global-bilateral-migration},
}

@Misc{color,
  author       = {{Strager}},
  title        = {How to automatically generate N "distinct" colors?},
  howpublished = {Online forum: http://stackoverflow.com/questions/470690/how-to-automatically-generate-n-distinct-colors},
  owner        = {Yee Sern Tan},
  url          = {http://stackoverflow.com/questions/470690/how-to-automatically-generate-n-distinct-colors},
}

@Misc{hamerly,
  author       = {Greg Hamerly},
  title        = {Population-weighted European state centers},
  howpublished = {Website: http://cs.baylor.edu/~hamerly/software/
  \\europe\_population\_weighted\_centers.html},
  owner        = {Yee Sern Tan},
  url          = {http://cs.baylor.edu/~hamerly/software/europe_population_weighted_centers.html},
}

@Misc{worldbank_other,
  author       = {{World Bank Group}},
  title        = {World Development Indicators},
  howpublished = {Database: http://databank.worldbank.org/data/reports.aspx?
  \\source=world-development-indicators},
  owner        = {Yee Sern Tan},
  url          = {http://databank.worldbank.org/data/reports.aspx?source=world-development-indicators},
}

@Misc{vida,
  author       = {{VIDA}},
  title        = {World Map},
  howpublished = {Online code repository: https://vida.io/gists/TWNbJrHvRcR3DeAZq},
  owner        = {Yee Sern Tan},
  url          = {https://vida.io/gists/TWNbJrHvRcR3DeAZq},
}

@Misc{html,
  author       = {{Scott Stensland}},
  title        = {"Cross origin requests are only supported for HTTP." error when loading a local file},
  howpublished = {Online forum: http://stackoverflow.com/questions/10752055/cross-origin-requests-are-only-supported-for-http-error-when-loading-a-local},
  owner        = {Yee Sern Tan},
  url          = {http://stackoverflow.com/questions/10752055/cross-origin-requests-are-only-supported-for-http-error-when-loading-a-local},
}

@Misc{million,
  author       = {Madeline Chambers},
  title        = {More than one million migrants registered in Germany in 2015: newspaper},
  howpublished = {News website: http://www.reuters.com/article/us-europe-migrants-germany-idUSKBN0UD19I20151230},
  month        = dec,
  year         = {2015},
  owner        = {Yee Sern Tan},
  url          = {http://www.reuters.com/article/us-europe-migrants-germany-idUSKBN0UD19I20151230},
}

@Misc{xlrd,
  author       = {R. Prasad},
  title        = {Reading Excel with Python (xlrd)},
  howpublished = {Website: https://blogs.harvard.edu/rprasad/2014/06/16/reading-excel-with-python-xlrd/},
  month        = jun,
  year         = {2014},
  owner        = {Yee Sern Tan},
  url          = {https://blogs.harvard.edu/rprasad/2014/06/16/reading-excel-with-python-xlrd/},
}

@Article{scikit-learn,
  author  = {Pedregosa, F. and Varoquaux, G. and Gramfort, A. and Michel, V. and Thirion, B. and Grisel, O. and Blondel, M. and Prettenhofer, P. and Weiss, R. and Dubourg, V. and Vanderplas, J. and Passos, A. and Cournapeau, D. and Brucher, M. and Perrot, M. and Duchesnay, E.},
  title   = {Scikit-learn: Machine Learning in {P}ython},
  journal = {Journal of Machine Learning Research},
  year    = {2011},
  volume  = {12},
  pages   = {2825--2830},
  owner   = {Yee Sern Tan},
}

@Article{clauset,
  author  = {Aaron Clauset and Cosma Rohilla Shalizi and Mark E. J. Newman},
  title   = {Power-Law Distributions in Empirical Data},
  journal = {SIAM Rev},
  year    = {2009},
  volume  = {51},
  number  = {4},
  pages   = {661-703},
  doi     = {10.1137/070710111},
  owner   = {Yee Sern Tan},
  url     = {http://epubs.siam.org/doi/abs/10.1137/070710111},
}

@Article{louvain,
  author  = {Vincent D Blondel and Jean-Loup Guillaume and Renaud Lambiotte and Etienne Lefebvre},
  title   = {Fast unfolding of communities in large networks},
  journal = {J. Stat. Mech: Theory Exp.},
  year    = {2008},
  volume  = {2008},
  number  = {10},
  pages   = {P10008 (12pp.)},
  month   = oct,
  owner   = {Yee Sern Tan},
  url     = {http://iopscience.iop.org/article/10.1088/1742-5468/2008/10/P10008/meta},
}

@Article{newman06,
  author  = {Mark E. J. Newman},
  title   = {Modularity and community structure in networks},
  journal = {PNAS},
  year    = {2006},
  volume  = {103},
  number  = {23},
  pages   = {8577-8582},
  doi     = {10.1073/pnas.0601602103},
  owner   = {Yee Sern Tan},
  url     = {http://www.pnas.org/content/103/23/8577.full},
}

@Article{newman05,
  author  = {Mark E. J. Newman},
  title   = {Power laws, Pareto distributions and Zipf's law},
  journal = {Contemp. Phys.},
  year    = {2005},
  volume  = {46},
  number  = {5},
  pages   = {323-351},
  doi     = {10.1080/00107510500052444},
  owner   = {Yee Sern Tan},
  url     = {http://www.tandfonline.com/toc/tcph20/46/5?nav=tocList},
}

@Misc{drc,
  author       = {{Development Research Centre on Migration, Globalisation \& Poverty}},
  title        = {Global Migrant Origin Database},
  howpublished = {Excel file: http://www.migrationdrc.org/research/
  \\typesofmigration/global\_migrant\_origin\_database.html 
  \\Version 4},
  month        = mar,
  year         = {2007},
  owner        = {Yee Sern Tan},
  url          = {http://www.migrationdrc.org/research/typesofmigration/global_migrant_origin_database.html},
}

@Misc{mpi,
  author       = {Jie Zong and Jeanne Batalova},
  title        = {Mexican Immigrants in the United States},
  howpublished = {Website: http://www.migrationpolicy.org/article/mexican-immigrants-united-states},
  month        = mar,
  year         = {2016},
  owner        = {Yee Sern Tan},
  url          = {http://www.migrationpolicy.org/article/mexican-immigrants-united-states},
}

@Misc{osw,
  author       = {Marta Jaroszewicz},
  title        = {The migration of Ukrainians in times of crisis},
  howpublished = {Website: https://www.osw.waw.pl/en/publikacje/osw-commentary/2015-10-19/migration-ukrainians-times-crisis},
  month        = oct,
  year         = {2015},
  owner        = {Yee Sern Tan},
  url          = {https://www.osw.waw.pl/en/publikacje/osw-commentary/2015-10-19/migration-ukrainians-times-crisis},
}