@Misc{MPI,
  author       = {{Migration Policy Institute}},
  title        = {Asylum Applications in the EU/EFTA by Country, 2008-2016 (Q1)},
  howpublished = {Website: http://www.migrationpolicy.org/programs/data-hub/charts/asylum-applications-euefta-country-2008-2016-q1},
  owner        = {Yee Sern Tan},
  url          = {http://www.migrationpolicy.org/programs/data-hub/charts/asylum-applications-euefta-country-2008-2016-q1},
}

@Misc{Eurostat,
  author       = {{Eurostat}},
  title        = {Database},
  howpublished = {Website: http://ec.europa.eu/eurostat/data/database},
  owner        = {Yee Sern Tan},
  url          = {http://ec.europa.eu/eurostat/data/database},
}

@Misc{OECD,
  author       = {{OECD}},
  title        = {Database on Immigrants in OECD and non-OECD Countries: DIOC},
  howpublished = {Website: http://www.oecd.org/els/mig/dioc.htm},
  owner        = {Yee Sern Tan},
  url          = {http://www.oecd.org/els/mig/dioc.htm},
}

@Misc{UNDownload000,
  author       = {{United Nations Department of Economic and Social Affairs Population Division}},
  title        = {Download Files},
  howpublished = {Website: https://esa.un.org/unpd/wpp/Download/Standard/Population/},
  owner        = {Yee Sern Tan},
  url          = {https://esa.un.org/unpd/wpp/Download/Standard/Population/},
}

@Misc{UN2015,
  author       = {{United Nations Department of Economic and Social Affairs Population Division International Migration}},
  title        = {International migrant stock 2015},
  howpublished = {Website: http://www.un.org/en/development/desa/population/migration/},
  owner        = {Yee Sern Tan},
  url          = {http://www.un.org/en/development/desa/population/migration/data/estimates2/estimates15.shtml},
}

@Article{WorldBank011,
  author   = {Caglar Ozden and Christopher R. Parsons and Maurice Schiff and Terrie L. Walmsley},
  title    = {Where on Earth is Everybody? The Evolution of Global Bilateral Migration 1960-2000},
  journal  = {World Bank Economic Review},
  year     = {2011},
  volume   = {25},
  number   = {1},
  pages    = {12-56},
  month    = jan,
  keywords = {emigration; immigration; labor migration; international migration; gender},
  owner    = {Yee Sern Tan},
}


@Misc{DRC007,
  author       = {{Migration DRC}},
  title        = {Global Migrant Origin Database},
  howpublished = {Website: http://www.migrationdrc.org/},
  month        = mar,
  year         = {2007},
  owner        = {Yee Sern Tan},
  url          = {http://www.migrationdrc.org/research/typesofmigration/global_migrant_origin_database.html},
}

@Misc{UNPopFund,
  author       = {{United Nations Population Fund}},
  title        = {Migration},
  howpublished = {Website: http://www.unfpa.org/migration},
  owner        = {Yee Sern Tan},
  url          = {http://www.unfpa.org/migration},
}